@article{hummer:2013,
  author  ={Hummer,W. and Rosenberg, F. and Oliveira, F. and Eilam, T.},
  title   ={Testing idempotence for infrastructure as code},
  journal ={Distributed Systems Group, Vienna University of Technology, Australia},
  year    ={2013},
}

@book{huttermann:2012,
  title   ={DevOps for Developers},
  author  ={HÃ¼ttermann, M.},
  editor  ={Apress},
  year    ={2012},
}

@book{loukides2012devops,
  title={What is DevOps?},
  author={Loukides, Mike},
  year={2012},
  publisher={" O'Reilly Media, Inc."}
}

@incollection{erich2014mapping,
  title={A mapping study on cooperation between information system development and operations},
  author={Erich, Floris and Amrit, Chintan and Daneva, Maya},
  booktitle={Product-Focused Software Process Improvement},
  pages={277--280},
  year={2014},
  publisher={Springer}
}

@article{scott2014,
  title={We Need More Agile IT},
  author={Ambler, Scott W},
  year={2014},
  publisher={San Francisco: UBM}
}
